@book{shahbahrami,
	title={روش پژوهش و ارائه},
	author={شاه‌بهرامی، اسداللّه و فریدی ماسوله، مرضیه},
	edition={دوم},
	year={۱۳۹۵},
	publisher={نص: تهران},
	language={persian}
}
@book{rankoohi,
	title={شیوه ارائه مطالب علمی-فنی},
	author={روحانی رانکوهی، سید محمّد‌تقی},
	edition={سوم},
	year={۱۳۹۱},
	publisher={جلوه: تهران},
	language={persian}
}
